<?xml version="1.0" encoding="UTF-8"?><collection xmlns="http://www.loc.gov/MARC21/slim"><record><leader>00331nam--2200133-i-4500</leader><controlfield tag="001">000037507</controlfield><controlfield tag="002">20161230</controlfield><controlfield tag="005">20161230201041</controlfield><controlfield tag="008">060222s1000------------r-----000-0-eng-d</controlfield><datafield ind1=" " ind2=" " tag="080"><subfield code="a">530.145</subfield></datafield><datafield ind1=" " ind2=" " tag="245"><subfield code="a">Quantum fields-algebras, processes</subfield></datafield><datafield ind1=" " ind2=" " tag="260"><subfield code="a">Wien, Springer-verlag, 1978, Ix + 44p</subfield></datafield><datafield ind1=" " ind2=" " tag="700"><subfield code="a">Streit, Ludwig</subfield></datafield><datafield ind1=" " ind2=" " tag="852"><subfield code="a">49008</subfield></datafield></record></collection>